@book{oksendal2003stochastic,
  title={Stochastic differential equations},
  author={{\O}ksendal, Bernt},  
  year = {2007},
  edition = {6th ed., corr. 4th print.},
  publisher={Springer}
}

@book{kloeden1997,
  author = {Peter E. Kloeden and Eckhard Platen and Henri Schurz},
  title = {Numerical solution of SDE through computer experiments},
  publisher = {Springer},
  year = {1997},
  edition = {Corr. 2nd print.},
  isbn={35-405-7074-8}
}

@book{fabozzi,
  title={Bayesian Methods in Finance},
  author={Rachev, Svetlozar T and Hsu, John SJ and Bagasheva, Biliana S and Fabozzi, Frank J},
  volume={153},
  isbn={9780470249246},
  series={Frank J. Fabozzi Series},
  url={http://www.google.cz/books?id=lhNkx5qNyL4C},
  year={2008},
  publisher={John Wiley \& Sons}
}

@article{merton1971,
  title={Optimum consumption and portfolio rules in a continuous-time model},
  author={Merton, Robert C},
  journal={Journal of economic theory},
  volume={3},
  number={4},
  pages={373--413},
  year={1971},
  publisher={Academic Press}
}

@article{markowitz,
  title={Portfolio selection},
  author={Markowitz, Harry},
  journal={The journal of finance},
  volume={7},
  number={1},
  pages={77--91},
  year={1952},
  publisher={Wiley Online Library}
}

@article{tobin,
  title={Liquidity preference as behavior towards risk},
  author={Tobin, James},
  journal={The Review of Economic Studies},
  volume={25},
  number={2},
  pages={65--86},
  year={1958},
  publisher={JSTOR}
}

@article{ohlson,
  title={The stationary distribution of returns and portfolio separation in capital markets: A fundamental contradiction},
  author={Rosenberg, Barr and Ohlson, James},
  journal={Journal of Financial and Quantitative Analysis},
  volume={11},
  number={3},
  pages={393--402},
  year={1976},
  publisher={Cambridge Univ Press}
}

@article{merton1975,
  title={Theory of finance from the perspective of continuous time},
  author={Merton, Robert C},
  journal={Journal of Financial and Quantitative Analysis},
  pages={659--674},
  year={1975},
  publisher={JSTOR}
}

@book{fern,
year={2002},
isbn={978-1-4419-2987-7},
booktitle={Stochastic Portfolio Theory},
doi={10.1007/978-1-4757-3699-1_1},
title={Stochastic Portfolio Theory},
url={http://dx.doi.org/10.1007/978-1-4757-3699-1_1},
publisher={Springer New York},
author={Fernholz, E.Robert},
pages={1-24},
language={English}
}

@article{kara,
  title={Stochastic portfolio theory: an {O}verview},
  author={Karatzas, Ioannis and Fernholz, Robert},
  journal={Handbook of Numerical Analysis},
  volume={15},
  pages={89--167},
  year={2009},
  publisher={Elsevier}
}

@article{sharpe1964,
  title={Capital Asset Prices: A Theory of Market Equilibrium under Conditions of Risk},
  author={Sharpe, William F},
  journal={The Journal of Finance},
  volume={19},
  number={3},
  pages={425--442},
  year={1964}
}

@article{lintner1965,
  title={The valuation of risk assets and the selection of risky investments in stock portfolios and capital budgets},
  author={Lintner, John},
  journal={The review of economics and statistics},
  volume={47},
  number={1},
  pages={13--37},
  year={1965},
  publisher={JSTOR}
}

@article{mossin1966,
  title={Equilibrimn in a Capital Asset Market},
  author={Mossin, Jan},
  journal={Econometrica: Journal of the Econometric Society},
  volume={34},
  number={4},
  pages={768--783},
  year={1966}
}

@book{pascucci,
  title={PDE and martingale methods in option pricing},
  author={Pascucci, Andrea},
  volume={2},
  year={2011},
  publisher={Springer}
}

@article{john,
  title={A Portfolio Theory Paradox},
  author={Stalker, John},
  journal={preprint},
  volume={},
  number={},
  pages={},
  year={2009}
}

@article{fabozzi2007robust,
  title={Robust portfolio optimization},
  author={Fabozzi, Frank J and Kolm, Petter N and Pachamanova, Dessislava A and Focardi, Sergio M},
  journal={The Journal of Portfolio Management},
  volume={33},
  number={3},
  pages={40--48},
  year={2007},
  publisher={Institutional Investor Journals}
}

@book{fabozziportfolio,
  title={Robust portfolio optimization and management},
  author={Fabozzi, Frank J and Kolm, Petter N and Pachamanova, Dessislava and Focardi, Sergio M},
  year={2007},
  publisher={John Wiley \& Sons}
}

@book{bouchaud2003theory,
  title={Theory of financial risk and derivative pricing: from statistical physics to risk management},
  author={Bouchaud, Jean-Philippe and Potters, Marc},
  year={2003},
  publisher={Cambridge university press}
}

@book{duffie2010dynamic,
  title={Dynamic asset pricing theory},
  author={Duffie, Darrell},
  year={2010},
  publisher={Princeton University Press}
}

@book{duffie2003intertemporal,
  title={Intertemporal asset pricing theory},
  author={Duffie, Darrell},
  journal={Handbook of the Economics of Finance},
  volume={1},
  pages={639--742},
  year={2003},
  publisher={Elsevier}
}

@book{oberuc2003dynamic,
  title={Dynamic Portfolio Theory and Management},
  author={Oberuc, Richard},
  year={2003},
  publisher={McGraw-Hill}
}

@book{etheridge2002course,
  title={A course in financial calculus},
  author={Etheridge, Alison},
  year={2002},
  publisher={Cambridge University Press}
}

@book{gali2009monetary,
  title={Monetary Policy, inflation, and the Business Cycle: An introduction to the new Keynesian Framework},
  author={Gal{\'\i}, Jordi},
  year={2009},
  publisher={Princeton University Press}
}

@book{gridold1999active,
  title={Active Portfolio Management: A Quatitative Approach for Producing Superior Returns and Controlling Risk},
  author={Gridold, Richard and Kahn, Ronald},
  year={1999},
  publisher={San Francisco: Irwin Library of Investment and Finance}
}

@book{higham2004introduction,
  title={An introduction to financial option valuation: mathematics, stochastics and computation},
  author={Higham, Desmond},
  volume={13},
  year={2004},
  publisher={Cambridge University Press}
}

@book{ingersoll1987theory,
  title={Theory of financial decision making},
  author={Ingersoll, Jonathan E},
  volume={3},
  year={1987},
  publisher={Rowman \& Littlefield}
}

@book{andel,
  title={Matematick{\'a} statistika: Vysoko{\v{s}}kolská u{\v{c}}ebnice},
  author={And{\v{e}}l, Ji{\v{r}}{\'\i}},
  year={1978},
  publisher={SNTL}
}

@book{melichercik,
  title={Kapitoly z finan{\v{c}}nej matematiky},
  author={Melicher{\v{c}}{\'\i}k, Igor and Ol{\v{s}}arov{\'a}, Ladislava a {\'U}radn{\'\i}{\v{c}}ek, Vladim{\'\i}r},
  year={2005},
  publisher={Epos}
}

@book{hull,
  title={Options, futures, and other derivatives (8. ed., global ed.)},
  author={Hull, John},
  year={2012},
  publisher={Boston [u.a.] : Pearson}
}

@book{prigent2007portfolio,
  title={Portfolio optimization and performance analysis},
  author={Prigent, Jean-Luc},
  year={2007},
  publisher={Chapman \& Hall/CRC}
}

@book{wickens2012macroeconomic,
  title={Macroeconomic theory: a dynamic general equilibrium approach},
  author={Wickens, Michael},
  year={2012},
  publisher={Princeton University Press}
}

@book{wilmott1995mathematics,
  title={The mathematics of financial derivatives: a student introduction},
  author={Wilmott, Paul and Howison, Sam and Dewynne, Jeff},
  year={1995},
  publisher={Cambridge University Press}
}

@book{sharpe,
  author =    "W.F. Sharpe",
  title =    "Portfolio Theory and Capital Markets",
  publisher =    "McGraw-Hill",
  address =    "New York",
  year =    "1970",
}

@article{merton,
  author =    "R.C. Merton",
  title =    "An analytic derivation of the efficient portfolio frontier",
  journal =    "Journal of Financial and Quantitative Analysis",
  volume =    "",
  number =    "",
  pages =    "1851-72",
  year =    "1972",
}

@article{merton1973,
  title={An intertemporal capital asset pricing model},
  author={Merton, Robert C},
  journal={Econometrica: Journal of the Econometric Society},
  pages={867--887},
  year={1973},
  publisher={JSTOR}
}

@article{cass1970structure,
  title={The structure of investor preferences and asset returns, and separability in portfolio allocation: A contribution to the pure theory of mutual funds},
  author={Cass, David and Stiglitz, Joseph E},
  year={1970},
  journal={Journal of Economic Theory}
}

@book{brada,
  title={Teorie portfolia.},
  author={Brada, Jaroslav},
  ISBN={ISBN 80-7079-259-0},
  publisher={Vysok{\'a} {\v{s}}kola ekonomick{\'a} v Praze},
  address   = {Praha},
  year={1996},
  note={160\,s.}
}

@book{cyganowski1998maple,
  title={Maple for stochastic differential equations},
  author={Cyganowski, Sasha and Kloeden, Peter E and Pohl, Thomas},
  year={1998},
  publisher={WIAS}
}

@book{cyganowski2002elementary,
  title={From Elementary Probability to Stochastic Differential Equations with MAPLE{\textregistered}},
  author={Cyganowski, Sasha and Kloeden, Peter and Ombach, Jerzy},
  year={2002},
  publisher={Springer Science \& Business Media}
}

@book{allen2010introduction,
  title={An introduction to stochastic processes with applications to biology},
  author={Allen, Linda JS},
  year={2010},
  publisher={CRC Press}
}

@book{karatzas1998methods,
  title={Methods of mathematical finance},
  author={Karatzas, Ioannis and Shreve, Steven E},
  volume={39},
  year={1998},
  publisher={Springer Science \& Business Media}
}

@article{de2010portfolio,
  title={Portfolio theories},
  author={De Brouwer, PJ},
  journal={http://www.de-brouwer.net/phdb/docs/portfolio theories.pdf},
  year={2010}
}

@incollection{sauer2012numerical,
  title={Numerical solution of stochastic differential equations in finance},
  author={Sauer, Timothy},
  booktitle={Handbook of Computational Finance},
  pages={529--550},
  year={2012},
  publisher={Springer}
}

@book{bohdalova,
  title={Stochastické analýzy finančných trhov},
  author={Mária Bohdalová, Michal Greguš},
  year={2012},
  publisher={Univerzita Komenského},
 addres={Bratislava}
}

@book{karatzas2012brownian,
  title={Brownian motion and stochastic calculus},
  author={Karatzas, Ioannis and Shreve, Steven},
  volume={113},
  year={2012},
  publisher={Springer Science \& Business Media}
}

@book{gard,
  title={Introduction Stochastic Differential Equations},
  author={Gard, T.C.},
  series={Monographs and Textbooks in Pure and Applied Mathematics},
  url={https://books.google.cz/books?id=zRx8oAEACAAJ},
  address   = {New York},
  year={1988},
  publisher={Marcel Dekker}
}

@book{shreve2012stochastic,
  title={Stochastic Calculus for Finance I: The Binomial Asset Pricing Model},
  author={Shreve, S.},
  isbn={9780387225272},
  lccn={2005925587},
  series={Springer Finance},
  url={https://books.google.cz/books?id=zXhCAAAAQBAJ},
  year={2012},
  publisher={Springer}
}

@book{shreve2004stochastic,
  title={Stochastic Calculus for Finance II: Continuous-Time Models},
  author={Shreve, S.E.},
  number={sv. 11},
  isbn={9780387401010},
  lccn={2003063342},
  series={Springer Finance Textbooks},
  url={https://books.google.cz/books?id=O8kD1NwQBsQC},
  year={2004},
  publisher={Springer}
}

@book{bachelier,
  title={Th{\'e}orie de la sp{\'e}culation},
  author={Bachelier, Louis},
  year={1900},
  publisher={Gauthier-Villars}
}

@article{einstein,
  title={{\"U}ber die von der molekularkinetischen Theorie der W{\"a}rme geforderte Bewegung von in ruhenden Fl{\"u}ssigkeiten suspendierten Teilchen},
  author={Einstein, Albert},
  journal={Annalen der physik},
  volume={4},
  year={1905}
}

@article{Smoluchowski,
  title={Zur kinetischen theorie der brownschen molekularbewegung und der suspensionen},
  author={Von Smoluchowski, Marian},
  journal={Annalen der physik},
  volume={326},
  number={14},
  pages={756--780},
  year={1906},
  publisher={Wiley Online Library}
}

@article{zhu2007,
  title={A guide to modeling counterparty credit risk},
  author={Zhu, Steven H and Pykhtin, Michael},
  journal={GARP Risk Review, July/August},
  year={2007}
}

@article{pykhtin2010,
  title={Pricing counterparty risk at the trade level and CVA allocations},
  author={Pykhtin, Michael and Rosen, Dan},
  journal={},
  year={2010},
  publisher={FEDS Working Paper}
}

@book{gregory2010,
  title={Counterparty credit risk: the new challenge for global financial markets},
  author={Gregory, Jon},
  volume={470},
  year={2010},
  publisher={John Wiley \& Sons}
}

@article{brigo2014,
  title={Arbitrage-Free Bilateral Counterparty Risk Valuation Under Collateralization and Application to Credit Default Swaps},
  author={Brigo, Damiano and Capponi, Agostino and Pallavicini, Andrea},
  journal={Mathematical Finance},
  volume={24},
  number={1},
  pages={125--146},
  year={2014},
  publisher={Wiley Online Library}
}

@article{hull2012cva,
  title={CVA and wrong-way risk},
  author={Hull, John and White, Alan},
  journal={Financial Analysts Journal},
  volume={68},
  number={5},
  pages={58--69},
  year={2012},
  publisher={CFA Institute}
}

@article{arora2012,
  title={Counterparty credit risk and the credit default swap market},
  author={Arora, Navneet and Gandhi, Priyank and Longstaff, Francis A},
  journal={Journal of Financial Economics},
  volume={103},
  number={2},
  pages={280--293},
  year={2012},
  publisher={Elsevier}
}

@techreport{jilek2000,
  title={Finan{\v{c}}n{\'\i} rizika. 1. vyd. Praha: Grada, 2000. 635 s},
  author={J{\'i}lek, Josef},
  year={2000},
  institution={ISBN 80-7169-579-3}
}

@article{canabarro2003measuring,
  title={Measuring and marking counterparty risk},
  author={Canabarro, Eduardo and Duffie, Darrell},
  journal={Asset/Liability Management for Financial Institutions, Institutional Investor Books},
  year={2003}
}

@article{wiener1923differential,
  title={Differential-Space},
  author={Wiener, Norbert},
  journal={Journal of Mathematics and Physics},
  volume={2},
  number={1},
  pages={131--174},
  year={1923},
  publisher={Wiley Online Library}
}

@article{samuelson1964rational,
  title={Rational Theory of Warrant Pricing. In The Random character of Stock Market Prices},
  author={Samuelson, Paul Anthony},
  journal={Ed. P. Cootner},
  pages={506--532},
  year={1964},
  publisher={MIT Press},
   addres={Cambridge, Massachusetts}
}

@article{black1973pricing,
  title={The pricing of options and corporate liabilities},
  author={Black, Fischer and Scholes, Myron},
  journal={The journal of political economy},
  pages={637--654},
  year={1973},
  publisher={JSTOR}
}