@inproceedings{976825,
	author = {Kafková, Silvie and Křivánková, Lenka},
	address = {Brno},
	booktitle = {Workshop of the Jaroslav Hájek Center and Financial Mathematics in Practice I, Book of short papers},
	keywords = {The Vasicek model; interest rate; maximum likelihood method},
	howpublished = {tištěná verze "print"},
	language = {eng},
	location = {Brno},
	isbn = {978-80-210-5778-4},
	pages = {24-29},
	publisher = {Masaryk University},
	title = {The Vasicek Model and Estimation of its Parameters},
	year = {2012}
}



@inproceedings{979237,
	author = {Křivánková, Lenka},
	booktitle = {7. konference o matematice a fyzice na vysokých školách technických s mezinárodní účastí : Sborník příspěvků část 1 - matematika},
	keywords = {Itô calculus; Black-Scholes equation; Barrier options},
	howpublished = {tištěná verze "print"},
	language = {eng},
	isbn = {978-80-7231-815-5},
	title = {The Black-Scholes equation for barrier options},
	year = {2011}
}



@inproceedings{979245,
	author = {Křivánková, Lenka},
	booktitle = {Workshop of the Jaroslav Hájek Center, Book of short papers},
	keywords = {Wiener process; Ito calculus; barrier options},
	isbn = {978-80-210-5100-3},
	title = {Wiener process and applications},
	year = {2010}
}



@proceedings{992896,
	author = {Křivánková, Lenka},
	booktitle = {XX International Conference PROBLEMS OF DECISION MAKING UNDER UNCERTAINTIES (PDMU-2012)},
	language = {eng},
	isbn = {978-966-8725-07-4},
	title = {Continuous-Time Models in Portfolio Theory},
	year = {2012}
}



@inproceedings{1077842,
	author = {Křivánková, Lenka},
	address = {Brno},
	booktitle = {XX International Conference PDMU-2012 Problems of Decision Making under Uncertainties},
	keywords = {continuous-time models; portfolio theory; equilibrium model},
	howpublished = {tištěná verze "print"},
	language = {eng},
	location = {Brno},
	isbn = {978-80-7231-897-1},
	pages = {95-104},
	publisher = {University of Defence},
	title = {Continuous-Time Models in Portfolio Theory},
	year = {2012}
}



@inproceedings{1093598,
	author = {Křivánková, Lenka},
	address = {Brno},
	booktitle = {Financial Mathematics in Practice II, Book of short papers},
	editor = {Jiří Zelinka, Martin Řezáč},
	keywords = {portfolio theory; the Merton model; Ohlson-Rosenberg paradox},
	howpublished = {tištěná verze "print"},
	language = {eng},
	location = {Brno},
	isbn = {978-80-210-6176-7},
	pages = {42-49},
	publisher = {Masaryk University},
	title = {Asset-Pricing Models in Portfolio Theory},
	year = {2013}
}



@inproceedings{1167343,
	author = {Kafková, Silvie and Křivánková, Lenka and Leváková, Marie},
	address = {Brno},
	booktitle = {Mathematical Models and Financial Mathematics. Book of short papers},
	editor = {Jiří Zelinka, Martin Řezáč},
	keywords = {survival analysis, Kaplan-Meier estimate, Cox regression model, brain tumour},
	howpublished = {tištěná verze "print"},
	language = {eng},
	location = {Brno},
	isbn = {978-80-210-6648-9},
	pages = {27-33},
	publisher = {Masaryk University},
	title = {Survival Analysis of Patients with Brain Tumour},
	year = {2014}
}



@inproceedings{1167503,
	author = {Křivánková, Lenka},
	address = {Brno},
	booktitle = {Mathematical Models and Financial Mathematics. Book of short papers},
	editor = {Jiří Zelinka, Martin Řezáč},
	keywords = {portfolio theory, market equilibrium, the Merton model, Stochastic portfolio},
	howpublished = {tištěná verze "print"},
	language = {eng},
	location = {Brno},
	isbn = {978-80-210-6648-9},
	pages = {35-42},
	publisher = {Masaryk University},
	title = {Equilibrium Models for Portfolio Selection},
	year = {2014}
}



@article{1183811,
	author = {Kafková, Silvie and Křivánková, Lenka},
	article_number = {2},
	doi = {http://dx.doi.org/10.11118/actaun201462020383},
	keywords = {vehicle insurance; generalized linear model; poisson distribution; link function; analysis of deviance; Akaike information criterion},
	language = {eng},
	issn = {1211-8516},
	journal = {Acta Universitatis Agriculturae et Silviculturae Mendelianae Brunensis},
	title = {Generalized Linear Models in Vehicle Insurance},
	url = {http://acta.mendelu.cz/62/2/0383/},
	volume = {62},
	year = {2014}
}
